<?xml version="1.0" encoding="UTF-8"?>
<record xmlns="http://www.loc.gov/MARC21/slim">
   <leader>02725cas a2200577 a 4500</leader>
   <controlfield tag="001">2154558</controlfield>
   <controlfield tag="008">940202c19949999abcar        s0     eng d</controlfield>
   <datafield tag="022" ind1=" " ind2=" ">
      <subfield code="a">1207-4446</subfield>
   </datafield>
   <datafield tag="035" ind1=" " ind2=" ">
      <subfield code="a">ocm36493119</subfield>
   </datafield>
   <datafield tag="040" ind1=" " ind2=" ">
      <subfield code="a">AEU</subfield>
      <subfield code="b">eng</subfield>
   </datafield>
   <datafield tag="043" ind1=" " ind2=" ">
      <subfield code="a">n-cn-ab</subfield>
   </datafield>
   <datafield tag="055" ind1=" " ind2="3">
      <subfield code="a">LB 3054</subfield>
      <subfield code="b">C22 A3 gr.6 S352 I54</subfield>
   </datafield>
   <datafield tag="090" ind1=" " ind2=" ">
      <subfield code="a">LB 3054 C2 A3 S35</subfield>
      <subfield code="b">AGPC</subfield>
   </datafield>
   <datafield tag="090" ind1=" " ind2=" ">
      <subfield code="a">375 ALB Sci gr.6</subfield>
      <subfield code="b">ACHCU</subfield>
   </datafield>
   <datafield tag="090" ind1=" " ind2=" ">
      <subfield code="a">LB 3054 C22 A3 gr.6 S352 I54</subfield>
      <subfield code="b">AEU</subfield>
   </datafield>
   <datafield tag="240" ind1="0" ind2="0">
      <subfield code="a">Information bulletin.</subfield>
      <subfield code="p">Grade 6 science.</subfield>
   </datafield>
   <datafield tag="245" ind1="0" ind2="0">
      <subfield code="a">Information bulletin.</subfield>
      <subfield code="p">Grade 6 science.</subfield>
   </datafield>
   <datafield tag="246" ind1="3" ind2="0">
      <subfield code="a">Grade 6 science</subfield>
   </datafield>
   <datafield tag="260" ind1=" " ind2=" ">
      <subfield code="a">Edmonton :</subfield>
      <subfield code="b">Student Evaluation, Alberta Education,</subfield>
      <subfield code="c">1993-</subfield>
   </datafield>
   <datafield tag="300" ind1=" " ind2=" ">
      <subfield code="a">v. :</subfield>
      <subfield code="b">ill. ;</subfield>
      <subfield code="c">28 cm.</subfield>
   </datafield>
   <datafield tag="310" ind1=" " ind2=" ">
      <subfield code="a">Annual.</subfield>
   </datafield>
   <datafield tag="336" ind1=" " ind2=" ">
      <subfield code="a">text</subfield>
      <subfield code="b">txt</subfield>
      <subfield code="2">rdacontent</subfield>
   </datafield>
   <datafield tag="337" ind1=" " ind2=" ">
      <subfield code="a">unmediated</subfield>
      <subfield code="b">n</subfield>
      <subfield code="2">rdamedia</subfield>
   </datafield>
   <datafield tag="338" ind1=" " ind2=" ">
      <subfield code="a">volume</subfield>
      <subfield code="b">nc</subfield>
      <subfield code="2">rdacarrier</subfield>
   </datafield>
   <datafield tag="362" ind1="0" ind2=" ">
      <subfield code="a">1993/94 school year-</subfield>
   </datafield>
   <datafield tag="500" ind1=" " ind2=" ">
      <subfield code="a">Title from cover.</subfield>
   </datafield>
   <datafield tag="550" ind1=" " ind2=" ">
      <subfield code="a">Issued by: Student Evaluation Branch.</subfield>
   </datafield>
   <datafield tag="580" ind1=" " ind2=" ">
      <subfield code="a">Vols. for 1994/95- issued also in French under title: Bulletin d'information. Sciences 6e année.</subfield>
   </datafield>
   <datafield tag="596" ind1=" " ind2=" ">
      <subfield code="a">23 28 38 41</subfield>
   </datafield>
   <datafield tag="597" ind1=" " ind2=" ">
      <subfield code="a">LB 3054 C22 A3 gr.6 S352 I54 2000/2001 c.2</subfield>
   </datafield>
   <datafield tag="650" ind1=" " ind2="0">
      <subfield code="a">Science</subfield>
      <subfield code="z">Alberta</subfield>
      <subfield code="x">Examinations</subfield>
      <subfield code="v">Periodicals.</subfield>
   </datafield>
   <datafield tag="650" ind1=" " ind2="0">
      <subfield code="a">Sixth grade (Education)</subfield>
      <subfield code="z">Alberta</subfield>
      <subfield code="x">Examinations</subfield>
      <subfield code="v">Periodicals.</subfield>
   </datafield>
   <datafield tag="650" ind1=" " ind2="0">
      <subfield code="a">Examinations</subfield>
      <subfield code="z">Alberta</subfield>
      <subfield code="v">Periodicals.</subfield>
   </datafield>
   <datafield tag="710" ind1="1" ind2=" ">
      <subfield code="a">Alberta.</subfield>
      <subfield code="b">Alberta Education.</subfield>
   </datafield>
   <datafield tag="710" ind1="1" ind2=" ">
      <subfield code="a">Alberta.</subfield>
      <subfield code="b">Student Evaluation Branch.</subfield>
   </datafield>
   <datafield tag="775" ind1="1" ind2=" ">
      <subfield code="t">Bulletin d'information. Sciences 6e année</subfield>
      <subfield code="x">1207-4454</subfield>
   </datafield>
   <datafield tag="780" ind1="0" ind2="0">
      <subfield code="t">Student Achievement Testing Program bulletin, Grade 6 science, ... school year.</subfield>
      <subfield code="d">[Edmonton] : Alberta Education, Student Evaluation and Records, [198--199-]</subfield>
      <subfield code="x">1191-1425</subfield>
      <subfield code="w">(CaOONL) 92081266X  rev</subfield>
      <subfield code="w">(OCoLC)ocm25883299</subfield>
   </datafield>
   <datafield tag="940" ind1=" " ind2=" ">
      <subfield code="a">NO EJOURNAL HOLDINGS</subfield>
   </datafield>
   <datafield tag="926" ind1=" " ind2=" ">
      <subfield code="a">BURMAN</subfield>
      <subfield code="b">CURRICULUM</subfield>
      <subfield code="c">375 ALB Sci gr.6</subfield>
      <subfield code="d">LOCAL_LOAN</subfield>
      <subfield code="f">1</subfield>
   </datafield>
   <datafield tag="926" ind1=" " ind2=" ">
      <subfield code="a">GPRC_GP</subfield>
      <subfield code="b">CURRICULUM</subfield>
      <subfield code="c">LB 3054 C2 A3 S35 1999/2000</subfield>
      <subfield code="d">LOCAL_LOAN</subfield>
      <subfield code="f">1</subfield>
   </datafield>
   <datafield tag="926" ind1=" " ind2=" ">
      <subfield code="a">GPRC_GP</subfield>
      <subfield code="b">CURRICULUM</subfield>
      <subfield code="c">LB 3054 C2 A3 S35 2000/2001</subfield>
      <subfield code="d">LOCAL_LOAN</subfield>
      <subfield code="f">1</subfield>
   </datafield>
   <datafield tag="926" ind1=" " ind2=" ">
      <subfield code="a">UABARD</subfield>
      <subfield code="b">ON_SHELF</subfield>
      <subfield code="c">LB 3054 C22 A3 gr.6 S352 I54 1993/1994</subfield>
      <subfield code="d">BOOK</subfield>
      <subfield code="f">1</subfield>
   </datafield>
   <datafield tag="926" ind1=" " ind2=" ">
      <subfield code="a">UABARD</subfield>
      <subfield code="b">LIBUSE</subfield>
      <subfield code="c">LB 3054 C22 A3 gr.6 S352 I54 1994/1997</subfield>
      <subfield code="d">BOOK</subfield>
      <subfield code="e">NEVER</subfield>
      <subfield code="f">1</subfield>
   </datafield>
   <datafield tag="926" ind1=" " ind2=" ">
      <subfield code="a">UABARD</subfield>
      <subfield code="b">ON_SHELF</subfield>
      <subfield code="c">LB 3054 C22 A3 gr.6 S352 I54 1995/1996</subfield>
      <subfield code="d">BOOK</subfield>
      <subfield code="f">1</subfield>
   </datafield>
   <datafield tag="926" ind1=" " ind2=" ">
      <subfield code="a">UABARD</subfield>
      <subfield code="b">ON_SHELF</subfield>
      <subfield code="c">LB 3054 C22 A3 gr.6 S352 I54 1996/1997</subfield>
      <subfield code="d">BOOK</subfield>
      <subfield code="f">1</subfield>
   </datafield>
   <datafield tag="926" ind1=" " ind2=" ">
      <subfield code="a">UABARD</subfield>
      <subfield code="b">ON_SHELF</subfield>
      <subfield code="c">LB 3054 C22 A3 gr.6 S352 I54 1997/1998</subfield>
      <subfield code="d">BOOK</subfield>
      <subfield code="f">1</subfield>
   </datafield>
   <datafield tag="926" ind1=" " ind2=" ">
      <subfield code="a">UABARD</subfield>
      <subfield code="b">ON_SHELF</subfield>
      <subfield code="c">LB 3054 C22 A3 gr.6 S352 I54 2000/2001</subfield>
      <subfield code="d">BOOK</subfield>
      <subfield code="f">1</subfield>
   </datafield>
   <datafield tag="926" ind1=" " ind2=" ">
      <subfield code="a">UAEDUC</subfield>
      <subfield code="b">LIBUSE</subfield>
      <subfield code="c">LB 3054 C22 A3 gr.6 S352 I54 1999/2000</subfield>
      <subfield code="d">BOOK</subfield>
      <subfield code="e">NEVER</subfield>
      <subfield code="f">1</subfield>
   </datafield>
   <datafield tag="926" ind1=" " ind2=" ">
      <subfield code="a">UAEDUC</subfield>
      <subfield code="b">LIBUSE</subfield>
      <subfield code="c">LB 3054 C22 A3 gr.6 S352 I54 2000/2001</subfield>
      <subfield code="d">BOOK</subfield>
      <subfield code="e">NEVER</subfield>
      <subfield code="f">1</subfield>
   </datafield>
   <datafield tag="927" ind1=" " ind2=" ">
      <subfield code="a">UAEDUC</subfield>
   </datafield>
   <datafield tag="927" ind1=" " ind2=" ">
      <subfield code="b">Location</subfield>
      <subfield code="c">ON_SHELF-- LB 3054 C22 A3 gr.6 S352 I54</subfield>
   </datafield>
   <datafield tag="927" ind1=" " ind2=" ">
      <subfield code="b">Library has</subfield>
      <subfield code="c">1993/1994-1997/1998,1999/2000-2000/2001</subfield>
   </datafield>
</record>
